<?xml version="1.0" encoding="UTF-8" ?>
<collection xmlns:xsi="http://www.w3.org/2001/XMLSchema-instance"
    xsi:schemaLocation="http://www.loc.gov/MARC21/slim
        http://www.loc.gov/standards/marcxml/schema/MARC21slim.xsd"
    xmlns="http://www.loc.gov/MARC21/slim">
<record>
  <leader>00242cam a2200457 i 4500</leader>
  <controlfield tag="001">b12698611</controlfield>
  <controlfield tag="003">LeBAU</controlfield>
  <controlfield tag="005">20170815</controlfield>
  <controlfield tag="008">971004s1941    iq acf   b    ||1 0 ara d</controlfield>
  <datafield tag="035" ind1=" " ind2=" ">
    <subfield code="a">ocn784467932</subfield>
  </datafield>
  <datafield tag="040" ind1=" " ind2=" ">
    <subfield code="a">LEAUB</subfield>
    <subfield code="b">ara</subfield>
    <subfield code="e">rda</subfield>
    <subfield code="c">LEAUB</subfield>
    <subfield code="d">LEAUB</subfield>
  </datafield>
  <datafield tag="041" ind1="1" ind2=" ">
    <subfield code="a">ara</subfield>
    <subfield code="h">eng</subfield>
  </datafield>
  <datafield tag="082" ind1="0" ind2="4">
    <subfield code="a">956.703</subfield>
    <subfield code="2">22</subfield>
  </datafield>
  <datafield tag="100" ind1="1" ind2=" ">
    <subfield code="6">880-01</subfield>
    <subfield code="a">Longrigg, Stephen Hemsley,</subfield>
    <subfield code="e">author.</subfield>
  </datafield>
  <datafield tag="240" ind1="1" ind2="0">
    <subfield code="a">Four centuries of modern Iraq.</subfield>
    <subfield code="l">Arabic</subfield>
  </datafield>
  <datafield tag="245" ind1="1" ind2="0">
    <subfield code="6">880-02</subfield>
    <subfield code="a">Arbaʻat qurūn min tārīkh al-ʻIrāq al-ḥadīth :</subfield>
    <subfield code="b">kitāb yabḥathu ‘an tārīkh al-‘Irāq fī al-‘uṣūr al-muẓlimah /</subfield>
    <subfield code="c">allafahu bi-al-Inklīzīyah al-Mistir Stīvin Hīmislī Lūnkrīk al-mufattish al-idārī fī al-Ḥukūmah al-‘Irāqīyah sābiqan ; wa-naqalahu ilá al-ʻArabīyah Jaʻfar al-Khayyāṭ, M. Sc., B. Sc. (Kālīfūrniyā), mudīr al-ta‘līm al-thānawī bi-Wizārat al-Ma‘ārif.</subfield>
  </datafield>
  <datafield tag="264" ind1=" " ind2="1">
    <subfield code="6">880-03</subfield>
    <subfield code="a">Baghdād :</subfield>
    <subfield code="b">Maṭbaʻat al-Tafayyuḍ al-Ahlīyah,</subfield>
    <subfield code="c">1360 H. = 1941 M.</subfield>
  </datafield>
  <datafield tag="300" ind1=" " ind2=" ">
    <subfield code="6">880-04</subfield>
    <subfield code="a">b-z, 401 pages, 5 unnumbered leaves of plates :</subfield>
    <subfield code="b">illustrations, genealogical tables, portrait ;</subfield>
    <subfield code="c">24 cm</subfield>
  </datafield>
  <datafield tag="336" ind1=" " ind2=" ">
    <subfield code="a">text</subfield>
    <subfield code="b">txt</subfield>
    <subfield code="2">rdacontent</subfield>
  </datafield>
  <datafield tag="336" ind1=" " ind2=" ">
    <subfield code="a">still image</subfield>
    <subfield code="b">sti</subfield>
    <subfield code="2">rdacontent </subfield>
  </datafield>
  <datafield tag="337" ind1=" " ind2=" ">
    <subfield code="a">unmediated</subfield>
    <subfield code="b">n</subfield>
    <subfield code="2">rdamedia</subfield>
  </datafield>
  <datafield tag="338" ind1=" " ind2=" ">
    <subfield code="a">volume</subfield>
    <subfield code="b">nc</subfield>
    <subfield code="2">rdacarrier</subfield>
  </datafield>
  <datafield tag="504" ind1=" " ind2=" ">
    <subfield code="a">يتضمن مراجع ببليوغرافية (صفحات [353]-367) وكشاف.</subfield>
  </datafield>
  <datafield tag="651" ind1=" " ind2="4">
    <subfield code="a">العراق</subfield>
    <subfield code="x">تاريخ</subfield>
    <subfield code="y">1534-1921.</subfield>
  </datafield>
  <datafield tag="651" ind1=" " ind2="4">
    <subfield code="a">Iraq</subfield>
    <subfield code="x">History</subfield>
    <subfield code="y">1534-1921.</subfield>
  </datafield>
  <datafield tag="700" ind1="1" ind2=" ">
    <subfield code="6">880-05</subfield>
    <subfield code="a">Khayyāṭ, Ja‘far,</subfield>
    <subfield code="e">translator.</subfield>
  </datafield>
  <datafield tag="765" ind1="0" ind2=" ">
    <subfield code="6">880-06</subfield>
    <subfield code="i">Translation of:</subfield>
    <subfield code="t">Four centuries of modern Iraq</subfield>
    <subfield code="d">Oxford : Clarendon Press, 1925</subfield>
    <subfield code="w">(OCoLC)02161821</subfield>
    <subfield code="w">(OCoLC)02161821</subfield>
  </datafield>
  <datafield tag="765" ind1="0" ind2=" ">
    <subfield code="6">880-07</subfield>
    <subfield code="i">Translation of:</subfield>
    <subfield code="t">Four centuries of modern Iraq</subfield>
    <subfield code="d">Beirut : Librairie du Liban, 1968</subfield>
    <subfield code="w">(OCoLC)419831947</subfield>
    <subfield code="w">(OCoLC)419831947</subfield>
  </datafield>
  <datafield tag="852" ind1=" " ind2=" ">
    <subfield code="a">Jafet Library</subfield>
    <subfield code="e">American University of Beirut, Bliss Street , Beirut, Lebanon.</subfield>
  </datafield>
  <datafield tag="880" ind1="1" ind2=" ">
    <subfield code="6">100-01/(3/r</subfield>
    <subfield code="a">لونكريك، ستيفن هيمسلي،</subfield>
    <subfield code="e">مؤلف. </subfield>
    <subfield code="4">aut.</subfield>
  </datafield>
  <datafield tag="880" ind1="1" ind2="0">
    <subfield code="6">245-02/(3/r</subfield>
    <subfield code="a">أربعة قرون من تاريخ العراق الحديث :</subfield>
    <subfield code="b">كتاب يبحث عن تاريخ العراق في العصور المظلمة /</subfield>
    <subfield code="c">ألفه بالإنكليزية المستر ستيفن هيمسلي لونكريك المفتش الإداري في الحكومة العراقية سابقاً ؛ ونقله إلى العربية جعفر خياط، M. Sc., B. Sc. (كاليفورنيا)، مدير التعليم الثانوي بوزارة المعارف.</subfield>
  </datafield>
  <datafield tag="880" ind1=" " ind2="1">
    <subfield code="6">264-03/(3/r</subfield>
    <subfield code="a">بغداد :</subfield>
    <subfield code="b">مطبعة التفيض الأهلية،</subfield>
    <subfield code="c">1360 هـ. = 1941 م.</subfield>
  </datafield>
  <datafield tag="880" ind1=" " ind2=" ">
    <subfield code="6">300-04/(3/r</subfield>
    <subfield code="a">ب-ز، 401 صفحة، 5 ورقات لوحات غير مرقمة :</subfield>
    <subfield code="b">مصورات، أشجار أنساب، صورة شخصانية ؛</subfield>
    <subfield code="c">24 سم</subfield>
  </datafield>
  <datafield tag="880" ind1="1" ind2=" ">
    <subfield code="6">700-05/(3/r</subfield>
    <subfield code="a">خياط، جعفر،</subfield>
    <subfield code="e">مترجم. </subfield>
    <subfield code="4">trl.</subfield>
  </datafield>
  <datafield tag="880" ind1="0" ind2=" ">
    <subfield code="6">765-06/(3/r</subfield>
    <subfield code="i">ترجمة كتاب:</subfield>
    <subfield code="t">Four centuries of modern Iraq</subfield>
    <subfield code="d">Oxford : Clarendon Press, 1925</subfield>
    <subfield code="w">b1219640x</subfield>
    <subfield code="w">(OCoLC)02161821</subfield>
  </datafield>
  <datafield tag="880" ind1="0" ind2=" ">
    <subfield code="6">765-07/(3/r</subfield>
    <subfield code="i">ترجمة كتاب:</subfield>
    <subfield code="t">Four centuries of modern Iraq</subfield>
    <subfield code="d">Beirut : Librairie du Liban, 1968</subfield>
    <subfield code="w">b11187116</subfield>
    <subfield code="w">(OCoLC)419831947</subfield>
  </datafield>
  <datafield tag="907" ind1=" " ind2=" ">
    <subfield code="a">.b12698611</subfield>
    <subfield code="b">17-08-18</subfield>
    <subfield code="c">11-05-24</subfield>
  </datafield>
  <datafield tag="907" ind1=" " ind2=" ">
    <subfield code="a">.b12698611</subfield>
    <subfield code="b">15-10-15</subfield>
    <subfield code="c">11-05-24</subfield>
  </datafield>
  <datafield tag="945" ind1=" " ind2=" ">
    <subfield code="f">J</subfield>
    <subfield code="a">956.703:L856fA:c.2</subfield>
    <subfield code="i">01055544</subfield>
    <subfield code="j">.i13248443</subfield>
    <subfield code="l">u0503</subfield>
  </datafield>
  <datafield tag="945" ind1=" " ind2=" ">
    <subfield code="f">J</subfield>
    <subfield code="a">956.703:L856fA:c.1</subfield>
    <subfield code="i">01055545</subfield>
    <subfield code="j">.i13248455</subfield>
    <subfield code="l">u0503</subfield>
  </datafield>
  <datafield tag="998" ind1=" " ind2=" ">
    <subfield code="a">u05</subfield>
    <subfield code="b">97-10-04</subfield>
    <subfield code="c">m</subfield>
    <subfield code="d">a</subfield>
    <subfield code="e">-</subfield>
    <subfield code="f">ara</subfield>
    <subfield code="g">iq </subfield>
    <subfield code="h">0</subfield>
    <subfield code="i">2</subfield>
  </datafield>
</record>
</collection>
